@inproceedings{rl_application,
  author    = {Qiang, Wang and Zhongli, Zhan},
  booktitle = {2011 International Conference on Mechatronic Science, Electric Engineering and Computer (MEC)},
  title     = {Reinforcement learning model, algorithms and its application},
  year      = {2011},
  volume    = {},
  number    = {},
  pages     = {1143-1146},
  doi       = {10.1109/MEC.2011.6025669}
}

@misc{mujoco_docs,
  title   = {MuJoCo Documentation},
  author  = {DeepMind},
  url     = {https://mujoco.readthedocs.io/en/latest/overview.html}
}

@misc{gym_docs,
  title   = {Gym Documentation},
  author  = {OpenAI},
  url     = {https://gym.openai.com/docs/}
}

@electronic{gym_source,
  title         = {Gym Library},
  author        = {OpenAI},
  url           = {https://github.com/openai/gym},
  howpublished  = {v0.21.0}}
}
